@misc{bib1,
	author = {Author A},
	title = {An entry in the bibliography},
	note = {
	For bibliographies single space the entries and put a double
	space between entries.
	},
}
@misc{bib2,
	author = {Author B},
	title = {Another entry in the bibliography},
}
@misc{bib3,
	author = {Author C},
	title = {Third entry in the bibliography},
	note = {
		Caution:
		Use the formatting style that is common in your discipline.
		{\em None of the entries in this file should be considered a sample entry.}
	}
}
@misc{texcad,
	url = {http://texcad.sourceforge.net/},
}
@misc{TeXnicCenter,
	url = {http://www.texniccenter.org/},
}
@misc{WinEdt,
	url = {http://winedt.com/},
}
@misc{guide,
	location = {Louisiana Tech Univervsity},
	title = {GUIDELINES FOR THE PREPARATION AND
	         SUBMISSION OF YOUR THESIS OR DISSERTATION},
	url = {http://www.latech.edu/graduate_school/thesis_dissertations/index.shtml}
}
@misc{MiKTeX,
	url = {http://miktex.org/},
}
@misc{MacTeX,
	url = {https://tug.org/mactex/mactex-download.html},
}
@misc{TeXLive,
	url = {https://www.tug.org/texlive/},
}
@misc{overleaf,
	url = {https://www.overleaf.com},
}
@misc{Wikibook,
	url = {https://en.wikibooks.org/wiki/LaTeX},
}
@misc{biblatex,
	url = {https://ctan.org/pkg/biblatex},
}